<record xmlns='http://www.loc.gov/MARC21/slim'><leader>00911cim a22002532u 4500</leader><controlfield tag='001'>3604223</controlfield><controlfield tag='005'>20151214183358.0</controlfield><controlfield tag='007'>ss|lmnjluz|nuu</controlfield><controlfield tag='008'>991101s1992    nyunnn         l    eng d</controlfield><datafield ind1=' ' ind2=' ' tag='035'><subfield code='a'>(NIC)notisASG1288</subfield></datafield><datafield ind1=' ' ind2=' ' tag='035'><subfield code='a'>3604223</subfield></datafield><datafield ind1=' ' ind2=' ' tag='035'><subfield code='a'>(OCoLC)63902399</subfield></datafield><datafield ind1=' ' ind2=' ' tag='040'><subfield code='a'>NIC</subfield><subfield code='c'>NIC</subfield><subfield code='d'>NIC</subfield></datafield><datafield ind1='1' ind2=' ' tag='100'><subfield code='a'>Edwards, Melvin.</subfield></datafield><datafield ind1='1' ind2='0' tag='245'><subfield code='a'>Art in architecture: the relationship of art to architecture from a cultural perspective</subfield><subfield code='h'>[sound recording]</subfield></datafield><datafield ind1=' ' ind2=' ' tag='260'><subfield code='c'>1992.</subfield></datafield><datafield ind1=' ' ind2=' ' tag='300'><subfield code='a'>1 sound cassette (75 min.) :</subfield><subfield code='b'>analog, mono.</subfield></datafield><datafield ind1=' ' ind2=' ' tag='500'><subfield code='a'>Recorded in Ithaca, NY by Cornell University.</subfield></datafield><datafield ind1=' ' ind2=' ' tag='500'><subfield code='a'>Sponsored by: Minority Organization of Architecture, Art and Planning.</subfield></datafield><datafield ind1=' ' ind2=' ' tag='500'><subfield code='a'>Speaker(s): Rutgers University.</subfield></datafield><datafield ind1=' ' ind2=' ' tag='518'><subfield code='a'>Lecture, April 11, 1992, 2:00 pm, 115 Tjaden Hall.</subfield></datafield><datafield ind1=' ' ind2='0' tag='830'><subfield code='a'>Actual American city: cultural visions and perspectives.</subfield></datafield><datafield ind1='1' ind2=' ' tag='899'><subfield code='a'>CULectures</subfield></datafield><datafield ind1=' ' ind2=' ' tag='905'><subfield code='a'>19991201120000.0</subfield></datafield></record>